<record><leader>00000cas a22000007a 4500</leader><controlfield tag="001">9727296</controlfield><controlfield tag="008">830722d18361890mduwr ne      0    0eng  </controlfield><datafield ind1=" " ind2=" " tag="010"><subfield code="a">sn 83016338 </subfield></datafield><datafield ind1=" " ind2=" " tag="040"><subfield code="a">DLC</subfield><subfield code="b">eng</subfield><subfield code="c">DLC</subfield><subfield code="d">NPX</subfield><subfield code="d">MFN</subfield><subfield code="d">DLC</subfield><subfield code="d">OCLCQ</subfield></datafield><datafield ind1=" " ind2=" " tag="042"><subfield code="a">msc</subfield></datafield><datafield ind1="0" ind2="0" tag="050"><subfield code="a">Newspaper</subfield></datafield><datafield ind1="0" ind2=" " tag="130"><subfield code="a">Republican citizen (Frederick, Md.)</subfield></datafield><datafield ind1="1" ind2="4" tag="245"><subfield code="a">The Republican citizen.</subfield></datafield><datafield ind1=" " ind2=" " tag="260"><subfield code="a">Frederick, Md. :</subfield><subfield code="b">P.H. Brown</subfield></datafield><datafield ind1=" " ind2=" " tag="300"><subfield code="a">v.</subfield></datafield><datafield ind1=" " ind2=" " tag="310"><subfield code="a">Weekly</subfield></datafield><datafield ind1="1" ind2=" " tag="362"><subfield code="a">Began in 1836; ceased in 1890.</subfield></datafield><datafield ind1=" " ind2=" " tag="515"><subfield code="a">Suspended 1864-1865.</subfield></datafield><datafield ind1=" " ind2=" " tag="588"><subfield code="a">Description based on: Vol. 15, no. 1 (Apr. 22, 1836).</subfield></datafield><datafield ind1=" " ind2=" " tag="752"><subfield code="a">United States</subfield><subfield code="b">Maryland</subfield><subfield code="c">Frederick</subfield><subfield code="d">Frederick.</subfield></datafield><datafield ind1="0" ind2="0" tag="780"><subfield code="t">Frederick citizen (Frederick, Md. : 1834)</subfield><subfield code="w">(DLC)sn 85027020</subfield></datafield><datafield ind1="0" ind2="0" tag="785"><subfield code="t">Frederick citizen (Frederick, Md. : 1890)</subfield><subfield code="w">(DLC)sn 90057160</subfield></datafield><datafield ind1="1" ind2=" " tag="029"><subfield code="a">AU@</subfield><subfield code="b">000026220991</subfield></datafield></record>